[gd_scene load_steps=13 format=2]

[ext_resource path="res://mainmenu/transparent_panel.tres" type="StyleBox" id=1]
[ext_resource path="res://mainmenu/scripts/menu_creategame.gd" type="Script" id=2]
[ext_resource path="res://mainmenu/scripts/main_menu.gd" type="Script" id=3]
[ext_resource path="res://mainmenu/scripts/menu_joingame.gd" type="Script" id=4]
[ext_resource path="res://mainmenu/scripts/menu_press_start.gd" type="Script" id=5]
[ext_resource path="res://misc/pulse.gd" type="Script" id=6]
[ext_resource path="res://mainmenu/scripts/load_mainmenu_background.gd" type="Script" id=7]
[ext_resource path="res://mainmenu/scripts/map_list.gd" type="Script" id=8]

[sub_resource type="RichTextEffect" id=1]
script = ExtResource( 6 )

[sub_resource type="StyleBoxEmpty" id=2]

[sub_resource type="StyleBoxFlat" id=3]
bg_color = Color( 0.501961, 0.298039, 0.298039, 1 )
border_blend = true
corner_radius_top_left = 1
corner_radius_top_right = 1
corner_radius_bottom_right = 1
corner_radius_bottom_left = 1
shadow_size = 2

[sub_resource type="StyleBoxFlat" id=4]
bg_color = Color( 0.407843, 0.192157, 0.192157, 1 )
border_blend = true
corner_radius_top_left = 1
corner_radius_top_right = 1
corner_radius_bottom_right = 1
corner_radius_bottom_left = 1
shadow_size = 2

[node name="Main" type="Control"]
pause_mode = 2
anchor_right = 1.0
anchor_bottom = 1.0
script = ExtResource( 7 )
__meta__ = {
"_edit_use_anchors_": false
}

[node name="press_start" type="Control" parent="."]
anchor_right = 1.0
anchor_bottom = 1.0
script = ExtResource( 5 )
__meta__ = {
"_edit_use_anchors_": false
}

[node name="RichTextLabel" type="RichTextLabel" parent="press_start"]
anchor_top = 1.0
anchor_right = 1.0
anchor_bottom = 1.0
grow_vertical = 0
rect_min_size = Vector2( 0, 50 )
bbcode_enabled = true
bbcode_text = "[center][pulse freq=2.0]PRESS START[/pulse]"
text = "PRESS START"
custom_effects = [ SubResource( 1 ) ]
__meta__ = {
"_edit_use_anchors_": false
}

[node name="main_menu" type="CenterContainer" parent="."]
visible = false
anchor_right = 1.0
anchor_bottom = 1.0
rect_min_size = Vector2( 200, 200 )
script = ExtResource( 3 )
__meta__ = {
"_edit_use_anchors_": false
}

[node name="VBoxContainer" type="VBoxContainer" parent="main_menu"]
margin_left = 412.0
margin_top = 209.0
margin_right = 612.0
margin_bottom = 390.0

[node name="game_title" type="RichTextLabel" parent="main_menu/VBoxContainer"]
margin_right = 200.0
margin_bottom = 40.0
rect_min_size = Vector2( 200, 40 )
bbcode_enabled = true
bbcode_text = "
[center][wave amp=50 freq=2]Godot (sand)Box[/wave]"
text = "
Godot (sand)Box"
__meta__ = {
"_edit_use_anchors_": false
}

[node name="Panel" type="Panel" parent="main_menu/VBoxContainer"]
margin_top = 44.0
margin_right = 200.0
margin_bottom = 94.0
rect_min_size = Vector2( 0, 50 )
custom_styles/panel = SubResource( 2 )
__meta__ = {
"_edit_use_anchors_": false
}

[node name="main_menu" type="VBoxContainer" parent="main_menu/VBoxContainer"]
margin_top = 98.0
margin_right = 200.0
margin_bottom = 181.0
__meta__ = {
"_edit_use_anchors_": false
}

[node name="create_menu_button" type="Button" parent="main_menu/VBoxContainer/main_menu"]
margin_right = 200.0
margin_bottom = 25.0
rect_min_size = Vector2( 0, 25 )
text = "Start Game"

[node name="join_menu_button" type="Button" parent="main_menu/VBoxContainer/main_menu"]
margin_top = 29.0
margin_right = 200.0
margin_bottom = 54.0
rect_min_size = Vector2( 0, 25 )
text = "Join Game"

[node name="quit_game" type="Button" parent="main_menu/VBoxContainer/main_menu"]
margin_top = 58.0
margin_right = 200.0
margin_bottom = 83.0
rect_min_size = Vector2( 0, 25 )
custom_styles/hover = SubResource( 3 )
custom_styles/normal = SubResource( 4 )
text = "Quit"

[node name="game_create_menu" type="Control" parent="."]
visible = false
anchor_right = 1.0
anchor_bottom = 1.0
margin_left = 10.0
margin_top = 10.0
margin_right = -10.0
margin_bottom = -10.0
script = ExtResource( 2 )
__meta__ = {
"_edit_use_anchors_": false,
"_editor_description_": ""
}

[node name="HBoxContainer" type="HBoxContainer" parent="game_create_menu"]
anchor_right = 1.0
anchor_bottom = 1.0
__meta__ = {
"_edit_use_anchors_": false
}

[node name="start_menu" type="VBoxContainer" parent="game_create_menu/HBoxContainer"]
margin_right = 150.0
margin_bottom = 580.0
rect_min_size = Vector2( 150, 0 )

[node name="HBoxContainer" type="HBoxContainer" parent="game_create_menu/HBoxContainer/start_menu"]
margin_right = 150.0
margin_bottom = 30.0

[node name="back_button" type="Button" parent="game_create_menu/HBoxContainer/start_menu/HBoxContainer"]
margin_right = 41.0
margin_bottom = 30.0
rect_min_size = Vector2( 30, 30 )
text = "back"
__meta__ = {
"_edit_use_anchors_": false
}

[node name="Control" type="Control" parent="game_create_menu/HBoxContainer/start_menu"]
margin_top = 34.0
margin_right = 150.0
margin_bottom = 54.0
rect_min_size = Vector2( 0, 20 )

[node name="multiplayer_check" type="CheckBox" parent="game_create_menu/HBoxContainer/start_menu"]
margin_top = 58.0
margin_right = 150.0
margin_bottom = 82.0
text = "multiplayer server"

[node name="name_label" type="Label" parent="game_create_menu/HBoxContainer/start_menu"]
margin_top = 86.0
margin_right = 150.0
margin_bottom = 100.0
custom_colors/font_color = Color( 0.709804, 0.709804, 0.709804, 1 )
text = "name:"

[node name="name_field" type="LineEdit" parent="game_create_menu/HBoxContainer/start_menu"]
margin_top = 104.0
margin_right = 150.0
margin_bottom = 128.0
text = "name"
align = 1
editable = false

[node name="port_label" type="Label" parent="game_create_menu/HBoxContainer/start_menu"]
margin_top = 132.0
margin_right = 150.0
margin_bottom = 146.0
custom_colors/font_color = Color( 0.709804, 0.709804, 0.709804, 1 )
text = "port:"

[node name="port_field" type="LineEdit" parent="game_create_menu/HBoxContainer/start_menu"]
margin_top = 150.0
margin_right = 150.0
margin_bottom = 174.0
text = "port"
align = 1
editable = false

[node name="maxp_label" type="Label" parent="game_create_menu/HBoxContainer/start_menu"]
margin_top = 178.0
margin_right = 150.0
margin_bottom = 192.0
custom_colors/font_color = Color( 0.709804, 0.709804, 0.709804, 1 )
text = "max players:"

[node name="maxp_field" type="LineEdit" parent="game_create_menu/HBoxContainer/start_menu"]
margin_top = 196.0
margin_right = 150.0
margin_bottom = 220.0
text = "maxp"
align = 1
editable = false

[node name="separator" type="Control" parent="game_create_menu/HBoxContainer/start_menu"]
margin_top = 224.0
margin_right = 150.0
margin_bottom = 383.0
size_flags_vertical = 3

[node name="map_label" type="Label" parent="game_create_menu/HBoxContainer/start_menu"]
margin_top = 387.0
margin_right = 150.0
margin_bottom = 546.0
size_flags_vertical = 11
text = "No map selected."
valign = 2
autowrap = true
clip_text = true
__meta__ = {
"_edit_use_anchors_": false
}

[node name="start_button" type="Button" parent="game_create_menu/HBoxContainer/start_menu"]
margin_top = 550.0
margin_right = 150.0
margin_bottom = 580.0
rect_min_size = Vector2( 0, 30 )
size_flags_horizontal = 3
disabled = true
text = "Start Game"

[node name="separator" type="Control" parent="game_create_menu/HBoxContainer"]
margin_left = 154.0
margin_right = 159.0
margin_bottom = 580.0
rect_min_size = Vector2( 5, 0 )

[node name="Panel" type="Panel" parent="game_create_menu/HBoxContainer"]
margin_left = 163.0
margin_right = 1004.0
margin_bottom = 580.0
size_flags_horizontal = 3
size_flags_vertical = 3
custom_styles/panel = ExtResource( 1 )
__meta__ = {
"_edit_use_anchors_": false
}

[node name="map_select" type="VBoxContainer" parent="game_create_menu/HBoxContainer/Panel"]
anchor_right = 1.0
anchor_bottom = 1.0
margin_left = 5.0
margin_top = 5.0
margin_right = -5.0
margin_bottom = -5.0
size_flags_horizontal = 3
__meta__ = {
"_edit_use_anchors_": false
}

[node name="title" type="Label" parent="game_create_menu/HBoxContainer/Panel/map_select"]
margin_right = 831.0
margin_bottom = 14.0
text = "select map:"
align = 1
valign = 1
__meta__ = {
"_edit_use_anchors_": false
}

[node name="map_list" type="VBoxContainer" parent="game_create_menu/HBoxContainer/Panel/map_select"]
margin_top = 18.0
margin_right = 831.0
margin_bottom = 18.0
script = ExtResource( 8 )

[node name="game_join_menu" type="Control" parent="."]
visible = false
anchor_right = 1.0
anchor_bottom = 1.0
margin_left = 10.0
margin_top = 10.0
margin_right = -10.0
margin_bottom = -10.0
script = ExtResource( 4 )
__meta__ = {
"_edit_use_anchors_": false,
"_editor_description_": ""
}

[node name="HBoxContainer" type="HBoxContainer" parent="game_join_menu"]
anchor_right = 1.0
anchor_bottom = 1.0
__meta__ = {
"_edit_use_anchors_": false
}

[node name="start_menu" type="VBoxContainer" parent="game_join_menu/HBoxContainer"]
margin_right = 150.0
margin_bottom = 580.0
rect_min_size = Vector2( 150, 0 )

[node name="HBoxContainer" type="HBoxContainer" parent="game_join_menu/HBoxContainer/start_menu"]
margin_right = 150.0
margin_bottom = 30.0

[node name="back_button" type="Button" parent="game_join_menu/HBoxContainer/start_menu/HBoxContainer"]
margin_right = 41.0
margin_bottom = 30.0
rect_min_size = Vector2( 30, 30 )
text = "back"
__meta__ = {
"_edit_use_anchors_": false
}

[node name="Control" type="Control" parent="game_join_menu/HBoxContainer/start_menu"]
margin_top = 34.0
margin_right = 150.0
margin_bottom = 54.0
rect_min_size = Vector2( 0, 20 )

[node name="name_label" type="Label" parent="game_join_menu/HBoxContainer/start_menu"]
margin_top = 58.0
margin_right = 150.0
margin_bottom = 72.0
custom_colors/font_color = Color( 0.709804, 0.709804, 0.709804, 1 )
text = "name:"

[node name="name_field" type="LineEdit" parent="game_join_menu/HBoxContainer/start_menu"]
margin_top = 76.0
margin_right = 150.0
margin_bottom = 100.0
text = "name"
align = 1

[node name="ip_label" type="Label" parent="game_join_menu/HBoxContainer/start_menu"]
margin_top = 104.0
margin_right = 150.0
margin_bottom = 118.0
custom_colors/font_color = Color( 0.709804, 0.709804, 0.709804, 1 )
text = "server ip:"

[node name="ip_field" type="LineEdit" parent="game_join_menu/HBoxContainer/start_menu"]
margin_top = 122.0
margin_right = 150.0
margin_bottom = 146.0
text = "ip"
align = 1

[node name="port_label" type="Label" parent="game_join_menu/HBoxContainer/start_menu"]
margin_top = 150.0
margin_right = 150.0
margin_bottom = 164.0
custom_colors/font_color = Color( 0.709804, 0.709804, 0.709804, 1 )
text = "port:"

[node name="port_field" type="LineEdit" parent="game_join_menu/HBoxContainer/start_menu"]
margin_top = 168.0
margin_right = 150.0
margin_bottom = 192.0
text = "port"
align = 1

[node name="separator" type="Control" parent="game_join_menu/HBoxContainer/start_menu"]
margin_top = 196.0
margin_right = 150.0
margin_bottom = 546.0
size_flags_vertical = 3

[node name="join_button" type="Button" parent="game_join_menu/HBoxContainer/start_menu"]
margin_top = 550.0
margin_right = 150.0
margin_bottom = 580.0
rect_min_size = Vector2( 0, 30 )
size_flags_horizontal = 3
text = "Join"

[node name="separator" type="Control" parent="game_join_menu/HBoxContainer"]
margin_left = 154.0
margin_right = 159.0
margin_bottom = 580.0
rect_min_size = Vector2( 5, 0 )

[node name="VBoxContainer" type="VBoxContainer" parent="game_join_menu/HBoxContainer"]
margin_left = 163.0
margin_right = 1004.0
margin_bottom = 580.0
size_flags_horizontal = 3
alignment = 1

[node name="Panel" type="Panel" parent="game_join_menu/HBoxContainer/VBoxContainer"]
margin_right = 841.0
margin_bottom = 580.0
size_flags_horizontal = 3
size_flags_vertical = 3
custom_styles/panel = ExtResource( 1 )
[connection signal="pressed" from="main_menu/VBoxContainer/main_menu/create_menu_button" to="main_menu" method="_on_create_menu_button_pressed"]
[connection signal="pressed" from="main_menu/VBoxContainer/main_menu/join_menu_button" to="main_menu" method="_on_join_menu_button_pressed"]
[connection signal="pressed" from="main_menu/VBoxContainer/main_menu/quit_game" to="main_menu" method="_on_quit_game_pressed"]
[connection signal="pressed" from="game_create_menu/HBoxContainer/start_menu/HBoxContainer/back_button" to="game_create_menu" method="_on_back_button_pressed"]
[connection signal="toggled" from="game_create_menu/HBoxContainer/start_menu/multiplayer_check" to="game_create_menu" method="_on_multiplayer_check_toggled"]
[connection signal="text_changed" from="game_create_menu/HBoxContainer/start_menu/name_field" to="game_create_menu" method="_on_name_field_text_changed"]
[connection signal="text_changed" from="game_create_menu/HBoxContainer/start_menu/port_field" to="game_create_menu" method="_on_port_field_text_changed"]
[connection signal="text_changed" from="game_create_menu/HBoxContainer/start_menu/maxp_field" to="game_create_menu" method="_on_maxp_field_text_changed"]
[connection signal="pressed" from="game_create_menu/HBoxContainer/start_menu/start_button" to="game_create_menu" method="_on_start_button_pressed"]
[connection signal="pressed" from="game_join_menu/HBoxContainer/start_menu/HBoxContainer/back_button" to="game_join_menu" method="_on_back_button_pressed"]
[connection signal="text_changed" from="game_join_menu/HBoxContainer/start_menu/name_field" to="game_join_menu" method="_on_name_field_text_changed"]
[connection signal="text_changed" from="game_join_menu/HBoxContainer/start_menu/ip_field" to="game_join_menu" method="_on_ip_field_text_changed"]
[connection signal="text_changed" from="game_join_menu/HBoxContainer/start_menu/port_field" to="game_join_menu" method="_on_port_field_text_changed"]
[connection signal="pressed" from="game_join_menu/HBoxContainer/start_menu/join_button" to="game_join_menu" method="_on_join_button_pressed"]
